@article{bhuwalka,
	title="Vertical Tunnel Field-Effect Transistor",
	author="Krishna Kumar Bhuwalka and Stefan Sedlmaier and Alexandra Katharina Ludsteck and Carolin Tolksdorm and Joerg Schulze and Ignaz Eisele",
	journal="IEEE Transactions on Electron Devices",
	volume="51",
	number="2",
	month="February",
	year="2004",
	pages="279--282"}

@article{cao,
	title="Improvement in Reliability of Tunneling Field-Effect Transistor With p-n-i-n Structure",
	author="Wei Cao and C. J. Yao and G. F. Jiao and Daming Huang and H. Y. Yu and Ming-Fu Li",
	journal="IEEE Transactions on Electron Devices",
	volume="58",
	number="7",
	month="July",
	year="2011",
	pages="2122--2126"}

@conference{cheung,
	title="On the 60 m{V}/dec @300 {K} Limit for {MOSFET} Subthreshold Swing",
	author="Kin P. Chung",
	booktitle="International Symposium on VLSI Technology Systems and Applications",
	month="April",
	year="2010",
	pages="72--73"}

@article{choi,
	title="Tunneling Field-Effect Transistors ({TFETs}) with Subthreshold Swing ({SS}) Less than 60 m{V}/dec",
	author="Woo Young Choi and Byung-Gook Park and Jong Duk Leek and Tsu-Jae King Liu",
	journal="IEEE Electron Device Letters",
	volume="28",
	number="8",
	month="August",
	year="2007",
	pages="743--745"}

% Also mentions the reverse bias NDR in TFETs
@conference{dewey,
	title="Fabrication, Characterization, and Physics of {III}-{V} Heterojunction Tunneling Field Effect Transistors ({H}-{TFET}) for Steep Sub-Threshold Swing",
	author="G. Dewey and B. Chu-Kung and J. Boardman and J. M. Fastenau and J. Kavalieros and R. Kotlyar and W. K. Liu and D. Lubyshev and M. Metz and N. Mukherjee and P. Oakey and R. Pillarisetty and M. Radosavljevic and H. W. Then and R. Chau",
	booktitle="IEEE International Electron Devices Meeting",
	month="December",
	year="2011",
	pages="33.6.1--33.6.4"}

@article{engel,
	title="Comparison of methods to quantify interface trap densities at dielectric/{III}-{V} semiconductor interfaces",
	author="Roman Engel-Herbert and Yoontae Hwang and Susanne Stemmer",
	journal="Journal of Applied Physics",
	publisher="AIP Publishing",
	volume="108",
	year="2010"}

@article{esaki,
	title="Discovery of the Tunnel Diode",
	author="Leo Esaki",
	journal="IEEE Transactions on Electron Devices",
	volume="ED-23",
	number="7",
	year="1976",
	month="July",
	pages="644--647"}

@article{ionescu,
	title="Tunnel field-effect transistors as energy-efficient electronic switches",
	author="Adrian M. Ionescu and Heike Riel",
	journal="Nature",
	volume="479",
	month="November",
	year="2011",
	publisher="Macmillan Publishers Limited"}

@conference{ionescu2,
	title="Small Slope Micro/Nano-Electronic Switches",
	author="Adrian M. Ionescu and Kathy Boucart and Kirsten E. Moselund and Vincent Pott and Dimitros Tsamados",
	booktitle="International Semiconductor Conference",
	volume="2",
	year="2007",
	pages="397--402"}

% Best SS
@article{khatami,
	title="Steep Subthreshold Slope n- and p-Type Tunnel-{FET} Devices for Low-Power and Energy-Efficient Digital Circuits",
	author="Yasin Khatami and Kaustav Banerjee",
	journal="IEEE Transactions on Electron Devices",
	volume="56",
	number="11",
	month="November",
	year="2009",
	pages="2752--2761"}

@article{knoch,
	title="Impact of the dimensionality on the performance of tunneling {FETs}: Bulk versus one--dimensional devices",
	author="J. Knoch and S. Mantl and J. Appenzeller",
	journal="Solid-State Electronics",
	volume="51",
	year="2007",
	month="March",
	publisher="Elsevier Ltd."}

@article{kuang,
	title="Effect of Interface Traps and Oxide Charge on Drain Current Degradation in Tunneling Field-Effect Transistors",
	author="X. Y. Huang and G. F. Jiao and W. Cao and D. Huang and H. Y. Yu and Z. X. Chen and N. Singh and G. Q. Lo and D. L. Kwong and Ming-Fu Li",
	journal="IEEE Electron Device Letters",
	volume="31",
	number="8",
	month="August",
	year="2010",
	pages="779--781"}

% TFET reverse bias NDR
@conference{mookerjea,
	title="Experimental Demonstration of 100 nm channel length {InGaAs}-based vertical inter-band tunnel field effect transistors for ultra low-power logic and {SRAM} applications",
	author="S. Mookerjea and D. Mohata and R. Krishnan and J. Singh and A. Vallett and A. Ali and T. Mayer and V. Narayanan and D. Schlom and A. Liu and S. Datta",
	booktitle="International Electro Devices Meeting",
	year="2009",
	month="December",
	pages="1--3"}

% TFET reverse bias NDR
@article{mookerjea2,
	title="Temperature-Dependent {I}-{V} characteristics of a vertical {InGaAs} tunnel {FET}",
	author="Saurabh Mookerjea and Dheeraj Mohata and Theresa Mayer and Vijay Narayanan and Suman Datta",
	journal="IEEE Electron Device Letters",
	volume="31",
	number="6",
	month="June",
	year="2010",
	pages="564--566"}

@conference{nirschal,
	title="The tunneling field effect transistor as an add-on for ultra-low-voltage analog and digital processes",
	author="Th. Nirschal and P.-F. Wang and C. Weber and J. Sedlmeir and R. Heinrich and R. Kakoschke and K. Schrufer and J. Holz and C. Pacha and T. Schulz and M. Ostermayr and A. Olbrich and G. Georgakos and E. Ruderer and W. Hansch and D. Schmitt-Landsiedel",
	booktitle="International Electron Devices Meeting",
	year = "2004",
	month="December",
	pages="195--198"}

@article{seabaugh,
	title="Low-Voltage Tunnel Transistors for Beyond {CMOS} Logic",
	author="Alan C. Seabaugh and Qin Zhang",
	journal="Proceedings of the IEEE",
	volume="98",
	number="12",
	year="2010",
	month="December",
	pages="2095--2110"}

@article{stuetzer,
	title="Junction Fieldistors",
	author="O. M. Stuetzer",
	journal="Proceedings of the I.R.E",
	volume="40",
	number="11",
	month="November",
	year="1952",
	pages="1377-1381"}

@book{sze,
	title="The Physics of Semiconductor Devices",
	author="S. M. Sze",
	publisher="A John Wiley \& Sons, Inc.",
	year="2007",
	edition="3"}

@conference{takeda,
	title="A Band to Band Tunneling {MOS} Device",
	author="Eiji Takeda and Hideyuki Matsuoka and Yasou Igura and Shojiro Asai",
	booktitle="International Electron Devices Meeting",
	year="1988",
	month="December",
	pages="402--405"}

@article{thompson,
	title="A 90 nm Logic Technology Featuring Strained-Silicon",
	author="Scott E. Thompson and Mark Armstrong and Chris Auth and Mohsen Alavi and Mark Buehler and Robert Chau and Steve Cea and Tahir Ghani and Glenn Glass and Thomas Hoffman and Chia-Hong Jan and Chis Kenyon and Jason Klaus and Kelly Kuhn and Zhiyong Ma and Brian Mcintyre and Kaizad Mistry and Anad Murthy and Borna Obradovic and Ramune Nagisetty and Phi Nguyen and Sam Sivakumar and Reaz Shaheed and Lucian Shifren and Bruce Tufts and Sunit Tyagi and Mark Bohr and Youssef El-Mansy",
	journal = "IEEE Transactions on Electron Devices",
	volume="51",
	number="11",
	month="November",
	year="2004"}

@article{trinh,
	title="The influences of surface treatment and gas annealing conditions on the inversion behaviors of the atomic-layer-deposition {Al} 2 {O} 3 / n-{In} 0.53 {Ga} 0.47 {As} metal-oxide-semiconductor capacitor",
	author="H. D. Trinh and E. Y. Chang and P. W. Wu and Y. Y. Wong and C. T. Chang and Y. F. Hsieh and C. C. Yu and H. Q. Nguyen and Y. C. Lin and K. L. Lin and M. K. Hudait",
	journal="Applied Physics Letters",
	volume="97",
	year="2010",
	month="July",
	publisher="American Institute of Physics"}

@article{tura,
	title="Vertical Silicon p-n-p-n Tunnel {nMOSFET} with {MBE}-grown tunneling junction",
	author="Ahmet Tura and Zhenning Zhang and Peichi Liu and Ya-Hong Xie and Jason C. S. Woo",
	journal="IEEE Transactions on Electron Devices",
	volume="58",
	number="7",
	month="July",
	year="2011",
	pages="1907--1913"}

% TFET SS limit
@article{zhang,
	title="Low-Subthreshold-Swing Tunnel Transistors",
	author="Qin Zhang and Wei Zhao and Alan Seabaugh",
	journal="IEEE Electron Device Letters",
	volume="27",
	number="4",
	year="2006",
	month="April",
	pages="297--300"}

% Derivation of TFET SS limit
% earlier paper, zhang above is probably better to use
@article{zhang2,
	title="Analytic expression and approach for low subthreshold-swing tunnel transistors",
	author="Qin Zhang and wei Zhao and Alan Seabaugh",
	booktitle="Device Research Conference Digest",
	year="2005",
	month="June",
	year="2005",
	pages="161--162"}

@article{zhao,
	title="{InGaAs} Tunneling Field-Effect-Transistors with Atomic-Layer-Deposited Gate Oxides",
	author="H. Zhao and Y. Chen and Y. Wang and F. Zhou and F. Xue and J. Lee",
	journal="IEEE Transactions on Electron Devices",
	volume="58",
	number="9",
	year="2011",
	month="September",
	pages="2990--2995"}

% Reverse bias NDR in TFET
@article{zhou,
	title="Vertical {InGaAs}/{InP} tunnel {FETs} with Tunneling Normal to the Gate",
	author="Guangle Zhou and Yeqing Lu and Rui Li and Qin Zhang and Wan Sik Hwang and Qingmin Liu and Tim Vasen and Chen Chen and Haijun Zhu and Jenn-Ming Kuo and Siyuranga Koswatta and Tom Kosel and Mark Wistey and Patrick Fay and Alan Seabaugh and Huili King",
	journal="IEEE Electron Device Letters",
	volume="32",
	number="11",
	month="November",
	year="2011",
	pages="1516--1518"}

% Options
@IEEEtranBSTCTL{BSTcontrol,
CTLuse_forced_etal = "yes",
CTLmax_names_forced_etal = "3",
CTLnames_show_etal = "1"}